<record xmlns:xsi="http://www.w3.org/2001/XMLSchema-instance" xmlns="http://www.loc.gov/MARC21/slim" xsi:schemaLocation="http://www.loc.gov/MARC21/slim http://www.loc.gov/standards/marcxml/schema/MARC21slim.xsd">

  <leader>00780nam a2200181Ia 4500</leader>
  <datafield tag="999" ind2=" " ind1=" ">
    <subfield code="c">2044</subfield>
    <subfield code="d">2044</subfield>
  </datafield>
  <controlfield tag="008">180904b2005    cr ||||| |||| 00| | spa d</controlfield>
  <datafield tag="090" ind2=" " ind1=" ">
    <subfield code="a">09.05.01  </subfield>
    <subfield code="b">1155</subfield>
  </datafield>
  <datafield tag="110" ind1=" " ind2=" ">
    <subfield code="a">Instituto de Investigación en Educación</subfield>
    <subfield code="9">760</subfield>
  </datafield>
  <datafield ind2="0" ind1="1" tag="245">
    <subfield code="a">Tratado de Libre Comercio Centroamerica-Estados Unidos y Educación / </subfield>
    <subfield code="c">Instituto de Investigación en Educación</subfield>
  </datafield>
  <datafield tag="260" ind2=" " ind1=" ">
    <subfield code="a">San José, Costa Rica : </subfield>
    <subfield code="b">INIE, </subfield>
    <subfield code="c">2005</subfield>
  </datafield>
  <datafield tag="300" ind2=" " ind1=" ">
    <subfield code="a">32 páginas</subfield>
  </datafield>
  <datafield ind2=" " ind1=" " tag="500">
    <subfield code="a">Informe Final de Extensión Docente. Adjunta el artículo "Apuntes en torno al TLC Centroamérica/Estados Unidos y sus implicaciones para la Educación Superior"</subfield>
  </datafield>
  <datafield ind2="4" ind1="1" tag="650">
    <subfield code="9">2810</subfield>
    <subfield code="a">TRATADO DE LIBRE COMERCIO </subfield>
  </datafield>
  <datafield ind2="4" ind1="1" tag="650">
    <subfield code="9">394</subfield>
    <subfield code="a">EDUCACIÓN PÚBLICA </subfield>
  </datafield>
  <datafield tag="651" ind1="1" ind2="4">
    <subfield code="9">457</subfield>
    <subfield code="a">AMÉRICA CENTRAL</subfield>
  </datafield>
  <datafield ind1="1" ind2="4" tag="651">
    <subfield code="9">372</subfield>
    <subfield code="a">ESTADOS UNIDOS</subfield>
  </datafield>
  <datafield tag="942" ind2=" " ind1=" ">
    <subfield code="2">z</subfield>
    <subfield code="c">04</subfield>
  </datafield>
</record>